@article{divergence-functions,
  author  = {Amari, Shun-ichi and Cichocki, Andrzej},
  year    = {2010},
  month   = {03},
  pages   = {},
  title   = {Information geometry of divergence functions},
  volume  = {58},
  journal = {BULLETIN OF THE POLISH ACADEMY OF SCIENCES TECHNICAL SCIENCES},
  doi     = {10.2478/v10175-010-0019-1}
}

@unknown{EM-info,
  author = {Suliman, Sammy},
  year   = {2024},
  month  = {05},
  pages  = {},
  title  = {The EM Algorithm in Information Geometry}
}

@article{Morales_2021,
  title     = {Generalization of the maximum entropy principle for curved statistical manifolds},
  volume    = {3},
  issn      = {2643-1564},
  url       = {http://dx.doi.org/10.1103/PhysRevResearch.3.033216},
  doi       = {10.1103/physrevresearch.3.033216},
  number    = {3},
  journal   = {Physical Review Research},
  publisher = {American Physical Society (APS)},
  author    = {Morales, Pablo A. and Rosas, Fernando E.},
  year      = {2021},
  month     = sep
}

@inproceedings{han2020from,
  title     = {From em-Projections to Variational Auto-Encoder},
  author    = {Tian Han and Jun Zhang and Ying Nian Wu},
  booktitle = {NeurIPS 2020 Workshop: Deep Learning through Information Geometry},
  year      = {2020},
  url       = {https://openreview.net/forum?id=NXbapYR49pg}
}

@article{Nielsen_2020,
  title     = {An Elementary Introduction to Information Geometry},
  volume    = {22},
  issn      = {1099-4300},
  url       = {http://dx.doi.org/10.3390/e22101100},
  doi       = {10.3390/e22101100},
  number    = {10},
  journal   = {Entropy},
  publisher = {MDPI AG},
  author    = {Nielsen, Frank},
  year      = {2020},
  month     = sep,
  pages     = {1100}
}